@article{allard2012multi,
  title={Multi-scale geometric methods for data sets II: Geometric multi-resolution analysis},
  author={Allard, William K and Chen, Guangliang and Maggioni, Mauro},
  journal={Applied and Computational Harmonic Analysis},
  volume={32},
  number={3},
  pages={435--462},
  year={2012},
  publisher={Elsevier}
}

@article{little2016multiscale,
  title={Multiscale geometric methods for data sets I: Multiscale SVD, noise and curvature},
  author={Little, Anna V and Maggioni, Mauro and Rosasco, Lorenzo},
  journal={Applied and Computational Harmonic Analysis},
  year={2016},
  publisher={Elsevier}
}

@article{arora2016understanding,
  title={Understanding Deep Neural Networks with Rectified Linear Units},
  author={Arora, Raman and Basu, Amitabh and Mianjy, Poorya and Mukherjee, Anirbit},
  journal={arXiv preprint arXiv:1611.01491},
  year={2016}
}

@article{abadi2016tensorflow,
  title={Tensorflow: Large-scale machine learning on heterogeneous distributed systems},
  author={Abadi, Mart{\i}n and Agarwal, Ashish and Barham, Paul and Brevdo, Eugene and Chen, Zhifeng and Citro, Craig and Corrado, Greg S and Davis, Andy and Dean, Jeffrey and Devin, Matthieu and others},
  journal={arXiv preprint arXiv:1603.04467},
  year={2016}
}

@book{guy1991wavelets,
  title={Wavelets and singular integrals on curves and surfaces},
  author={Guy, David},
  year={1991}
}

@inproceedings{beygelzimer2006cover,
  title={Cover trees for nearest neighbor},
  author={Beygelzimer, Alina and Kakade, Sham and Langford, John},
  booktitle={Proceedings of the 23rd international conference on Machine learning},
  pages={97--104},
  year={2006},
  organization={ACM}
}

@article{van2011numpy,
  title={The NumPy array: a structure for efficient numerical computation},
  author={Van Der Walt, Stefan and Colbert, S Chris and Varoquaux, Gael},
  journal={Computing in Science \& Engineering},
  volume={13},
  number={2},
  pages={22--30},
  year={2011},
  publisher={AIP Publishing}
}

@article{pedregosa2011scikit,
  title={Scikit-learn: Machine learning in Python},
  author={Pedregosa, Fabian and Varoquaux, Ga{\"e}l and Gramfort, Alexandre and Michel, Vincent and Thirion, Bertrand and Grisel, Olivier and Blondel, Mathieu and Prettenhofer, Peter and Weiss, Ron and Dubourg, Vincent and others},
  journal={Journal of Machine Learning Research},
  volume={12},
  number={Oct},
  pages={2825--2830},
  year={2011}
}

@article{zaharia2010spark,
  title={Spark: cluster computing with working sets.},
  author={Zaharia, Matei and Chowdhury, Mosharaf and Franklin, Michael J and Shenker, Scott and Stoica, Ion},
  journal={HotCloud},
  volume={10},
  pages={10--10},
  year={2010}
}